\Sort{
  Mode{on}
  Collation{mixed}
  SortTypeOrder{key,key,name}
  NameOrder{ascending}
  Key1{{author,editor}}
  KeyOrder1{descending,nulls first}
  Key2{year}
  KeyOrder2{ascending,nulls first}
  StringSort{ascending}
}


% TO CITE USE COMMAND:
% \cite{keyname}


@misc{crane1980flow,
  title={Flow of fluids through valves, fittings, and pipe-Technical paper, no. 410},
  author={Crane, Co},
  year={1980},
  edition = {19},
  publisher={New York}
}

@book{CEPE, 
	title = {Chemical and Energy Process Engineering},
	language = {en},
	publisher = {CRC Press},
	author = {Sigurd Skogestad},
	year = {2009}
}

@book{shapiro1953dynamics,
  title={The dynamics and thermodynamics of compressible fluid flow},
  author={Shapiro, Ascher H},
  publisher={John Wiley and Sons},
  year={1953},
  volume={1}
}

@book{FET,
	title = {Fundamentals of Engineering Thermodynamics},
	language = {en},
	publisher = {Wiley},
	author = {Michael Moran; Howard Shapiro; Daisie Boettner; Margaret Bailey},
	year = {2010},
	edition = {7th}
}

@book{FFM,
	title = {Fundamentals of Fluid Mechanics},
	language = {en},
	publisher = {Wiley},
	author = {Munson; Okiishi; Huebsch; Rothmayer},
	year = {2013},
	edition = {7th}
}


@book{PCEH,
	title = {Perry's {Chemical} {Engineers}' {Handbook}},
	author = {Perry, Robert H. and Green, Don W. and Maloney, James O'Hara},
	year = {1997},
	edition = {7th},
	isbn = {9780070498419},
	publisher = {McGraw-Hill Professional Publishing}
}

@book{GPH, 
	title = {Gas Pipeline Hydraulics},
	language = {en},
	publisher = {CRC Taylor and Francis Group},
	author = {E. Shashi Menon},
	year = {2005}
}